@Book{kopka04,
  author    = {Kopka, Helmut and Daly, Patrick W.},
  title     = {Guide to \LaTeX},
  publisher = {Addison-Wesley},
  year      = {2004},
  edition   = {4},
}

@Book{goossens04,
  author =    {Mittelbach, Frank and Goossens, Michel},
  title =     {The \LaTeX{} Companion},
  publisher = {Addison-Wesley},
  year =      {2004},
  edition =   {2},
}

@Online{latexwiki,
  title =     {\LaTeX},
  url = "https://en.wikibooks.org/wiki/LaTeX",
  urldate = {2021-07-01},
}

@article{wollman-2021,
	author = {given-i=EE, given={Emma E.}, family=Wollman and given-i=VB, given={Varun B.}, family=Verma and given-i=AB, given={Alexander B.}, family=Walter and given-i=J, given=Jeff, family=Chiles and given-i=B, given=Boris, family=Korzh and given-i=JP, given={Jason P.}, family=Allmaras and given-i=Y, given=Yao, family=Zhai and given-i=AE, given={Adriana E.}, family=Lita and given-i=AN, given={Adam N.}, family=McCaughan and given-i=E, given=Ekkehart, family=Schmidt and given-i=S, given=Simone, family=Frasca and given-i=RP, given={Richard P.}, family=Mirin and given-i=SW, given={Sae Woo}, family=Nam and given-i=MD, given={Matthew D.}, family=Shaw},
	date = {2021-01-12},
	doi = {10.1117/1.jatis.7.1.011004},
	journaltitle = {Journal of astronomical telescopes, instruments, and systems},
	number = {01},
	title = {Recent advances in superconducting nanowire single-photon detector technology for exoplanet transit spectroscopy in the mid-infrared},
	url = {https://doi.org/10.1117/1.jatis.7.1.011004},
	volume = {7},
}

@article{hochberg-2019,
	author = {given-i=Y, given=Yonit, family=Hochberg and given-i=I, given=Ilya, family=Charaev and given-i=S, given=Sae-Woo, family=Nam and given-i=V, given=Varun, family=Verma and given-i=M, given=Marco, family=Colangelo and given-i=KK, given={Karl K.}, family=Berggren},
	date = {2019-10-10},
	doi = {10.1103/physrevlett.123.151802},
	journaltitle = {Physical review letters},
	number = {15},
	title = {Detecting Sub-GeV Dark Matter with Superconducting Nanowires},
	url = {https://doi.org/10.1103/physrevlett.123.151802},
	volume = {123},
}

@article{azzouz-2012,
	author = {given-i=H, given=Hatim, family=Azzouz and given-i=SN, given={Sander N.}, family=Dorenbos and given-i=D, given=Daniel, family={De Vries} and given-i=EB, given={Esteban Bermúdez}, family=Ureña and given-i=V, given=Valery, family=Zwiller},
	date = {2012-07-24},
	doi = {10.1063/1.4740074},
	journaltitle = {AIP advances},
	number = {3},
	title = {Efficient single particle detection with a superconducting nanowire},
	url = {https://doi.org/10.1063/1.4740074},
	volume = {2},
}

@misc{shalm_single-photon_2013,
  author = {Shalm, K. and Baek, B. and Calkins, B. and Dyer, S. and Gerrits, T. and Glancy, S. and Harrington, S. and Lamas Linares, A. and Lita, A. and Knill, M. and Marsili, F. and Miller, Aaron and Mirin, R. and Nam, S. W. and Shainline, J. and Stevens, M. and Vayshenker, I. and Verma, V.},
  title = {Single-Photon Detector Tutorial},
  howpublished = {Computer Scientist QCRYPT},
  note = {National Institute of Standards and Technology},
  url = {https://qcrypt.github.io/2013.qcrypt.net/contributions/Shalm-slides.pdf},
  year = {2013}
}

@article{steudle-2012,
	author = {given-i=GA, given={Gesine A.}, family=Steudle and given-i=S, given=Stefan, family=Schietinger and given-i=D, given=David, family=Höckel and given-i=SN, given={Sander N.}, family=Dorenbos and given-i=IE, given={Iman E.}, family=Zadeh and given-i=V, given=Valery, family=Zwiller and given-i=O, given=Oliver, family=Benson},
	date = {2012-11-15},
	doi = {10.1103/physreva.86.053814},
	journaltitle = {Physical review. A, Atomic, molecular, and optical physics/Physical review, A, Atomic, molecular, and optical physics},
	number = {5},
	title = {Measuring the quantum nature of light with a single source and a single detector},
	url = {https://doi.org/10.1103/physreva.86.053814},
	volume = {86},
}

@misc{singlequantum_snsd_nodate,
  author = {{singlequantum.com}},
  title = {Superconducting Nanowire Single Photon Detectors Operation principle},
  howpublished = {\url{https://singlequantum.com/wp-content/uploads/2023/06/Single-Quantum-Operation-Principle-print.pdf}},
  note = {Accessed: 2023-06},
  year = {n.d.}
}

@article{hadfield-2009,
	author = {given-i=RH, given={Robert H.}, family=Hadfield},
	date = {2009-12-01},
	doi = {10.1038/nphoton.2009.230},
	journaltitle = {Nature photonics},
	number = {12},
	pages = {696--705},
	title = {Single-photon detectors for optical quantum information applications},
	url = {https://doi.org/10.1038/nphoton.2009.230},
	volume = {3},
}

@online{singlequantum_snsd,
	author = {{Single Quantm}},
	title = {Operation principle of SNSPD},
	url = {https://www.singlequantum.com/technology/snspd/},
	urldate = {2024-07-25},
}
@book{unknown-author-2017,
	booktitle = {Single-Photon Sources},
	date = {2017-10-12},
	doi = {10.4324/9781315152318},
	pages = {585--604},
	title = {Handbook of Optoelectronic Device Modeling and Simulation},
	url = {https://www.taylorfrancis.com/books/edit/10.4324/9781315152318/handbook-optoelectronic-device-modeling-simulation-joachim-piprek?refId=7ba557a4-f698-4771-b724-c439429ee6d8&context=ubx},
	volume = {2},
}

@article{reddy2020snsd,
  author = {Reddy, Dileep V. and Nerem, Robert R. and Nam, Sae Woo and Mirin, Richard P. and Verma, Varun B.},
  title = {Superconducting nanowire single-photon detectors with 98\% system detection efficiency at 1550 nm},
  journal = {Optica},
  year = {2020},
  volume = {7},
  number = {12},
  pages = {1649--1653},
  doi = {10.1364/OPTICA.400751},
  bibcode = {2020Optic...7.1649R},
  issn = {2334-2536}
}

@article{autebert-2020,
	author = {given-i=C, given=Claire, family=Autebert and given-i=GDM, given={Gaétan Daniel Michel}, family=Gras and given-i=E, given=Emna, family=Amri and given-i=M, given=Matthieu, family=Perrenoud and given-i=M, given=Misael, family=Caloz and given-i=H, given=Hugo, family=Zbinden and given-i=F, given=Félix, family=Bussieres},
	date = {2020-08-20},
	doi = {10.1063/5.0007976},
	journaltitle = {Journal of applied physics},
	number = {7},
	title = {Direct measurement of the recovery time of superconducting nanowire single-photon detectors},
	url = {https://doi.org/10.1063/5.0007976},
	volume = {128},
}

@article{miki-2017,
	author = {given-i=S, given=Shigehito, family=Miki and given-i=M, given=Masahiro, family=Yabuno and given-i=T, given=Taro, family=Yamashita and given-i=H, given=Hirotaka, family=Terai},
	date = {2017-03-15},
	doi = {10.1364/oe.25.006796},
	journaltitle = {Optics express},
	number = {6},
	pages = {6796},
	title = {Stable, high-performance operation of a fiber-coupled superconducting nanowire avalanche photon detector},
	url = {https://doi.org/10.1364/oe.25.006796},
	volume = {25},
}

@article{natarajan-2012,
	author = {given-i=CM, given={Chandra M.}, family=Natarajan and given-i=MG, given={Michael G.}, family=Tanner and given-i=RH, given={Robert H.}, family=Hadfield},
	date = {2012-04-04},
	doi = {10.1088/0953-2048/25/6/063001},
	journaltitle = {Superconductor science and technology/Superconductor science & technology},
	number = {6},
	pages = {063001},
	title = {Superconducting nanowire single-photon detectors: physics and applications},
	url = {https://doi.org/10.1088/0953-2048/25/6/063001},
	volume = {25},
}

@book{single-quantum-2022,
	author = {{Single Quantum}},
	date = {2022-02},
	title = {Single Quantum EOS User Manual},
}

@online{wikipedia-contributors-2024,
	author = {{Wikipedia contributors}},
	date = {2024-07-02},
	title = {Signal-to-noise ratio},
	url = {https://en.wikipedia.org/wiki/Signal-to-noise_ratio},
}

@article{goltsman-2001,
	author = {given-i=GN, given={G. N.}, family=Gol’tsman and given-i=O, given=O., family=Okunev and given-i=G, given=G., family=Chulkova and given-i=A, given=A., family=Lipatov and given-i=A, given=A., family=Semenov and given-i=K, given=K., family=Smirnov and given-i=B, given=B., family=Voronov and given-i=A, given=A., family=Dzardanov and given-i=C, given=C., family=Williams and given-i=R, given=Roman, family=Sobolewski},
	date = {2001-08-06},
	doi = {10.1063/1.1388868},
	journaltitle = {Applied Physics Letters},
	number = {6},
	pages = {705--707},
	title = {Picosecond superconducting single-photon optical detector},
	url = {https://doi.org/10.1063/1.1388868},
	volume = {79},
}

@article{zheng-2016,
	author = {given-i=F, given=Fan, family=Zheng and given-i=R, given=Ruiying, family=Xu and given-i=G, given=Guanghao, family=Zhu and given-i=B, given=Biaobing, family=Jin and given-i=L, given=Lin, family=Kang and given-i=W, given=Weiwei, family=Xu and given-i=J, given=Jian, family=Chen and given-i=P, given=Peiheng, family=Wu},
	date = {2016-03-07},
	doi = {10.1038/srep22710},
	journaltitle = {Scientific reports},
	number = {1},
	title = {Design of a polarization-insensitive superconducting nanowire single photon detector with high detection efficiency},
	url = {https://doi.org/10.1038/srep22710},
	volume = {6},
}